<?xml version="1.0" encoding="UTF-8"?><collection xmlns="http://www.loc.gov/MARC21/slim"><record><leader>00587nam--2200193-u-4500</leader><controlfield tag="001">000052572</controlfield><controlfield tag="002">20161230</controlfield><controlfield tag="005">20161230201050</controlfield><controlfield tag="008">100914s1000------------r-----000-0-rus-d</controlfield><datafield ind1=" " ind2=" " tag="040"><subfield code="a">IFIN-HH</subfield></datafield><datafield ind1=" " ind2=" " tag="041"><subfield code="a">rus</subfield></datafield><datafield ind1=" " ind2=" " tag="080"><subfield code="a">533.6</subfield></datafield><datafield ind1="1" ind2=" " tag="100"><subfield code="a">Emmons, Howard.W</subfield></datafield><datafield ind1="1" ind2="0" tag="245"><subfield code="a">Osnovi gazovoi dinamiki</subfield><subfield code="c">Howard W. Emmons (Ed.)</subfield></datafield><datafield ind1=" " ind2=" " tag="260"><subfield code="a">Moskva</subfield><subfield code="b">Inostrannoi litaraturi</subfield><subfield code="c">1963</subfield></datafield><datafield ind1=" " ind2=" " tag="300"><subfield code="a">702 p</subfield></datafield><datafield ind1=" " ind2=" " tag="500"><subfield code="a">Titlul original in lb. engleza: Fundamentals of Gas Dynamics. Volume III. High Speed Aerodynamics and Jet Propulsion</subfield></datafield><datafield ind1=" " ind2=" " tag="852"><subfield code="a">77891</subfield><subfield code="c">533.6</subfield></datafield><datafield ind1=" " ind2=" " tag="CAT"><subfield code="a">Sys</subfield><subfield code="c">20100914</subfield><subfield code="h">125548</subfield></datafield></record></collection>